<record><leader>00000cas a2200000 a 4500</leader><controlfield tag="001">40537331</controlfield><controlfield tag="008">981222d19321959fluwr ne      0    0eng c</controlfield><datafield ind1=" " ind2=" " tag="010"><subfield code="a">sn 98026438 </subfield></datafield><datafield ind1=" " ind2=" " tag="040"><subfield code="a">FUG</subfield><subfield code="b">eng</subfield><subfield code="c">FUG</subfield><subfield code="d">OCL</subfield><subfield code="d">OCLCQ</subfield><subfield code="d">OCLCF</subfield><subfield code="d">OCLCO</subfield></datafield><datafield ind1="1" ind2=" " tag="029"><subfield code="a">AU@</subfield><subfield code="b">000014497620</subfield></datafield><datafield ind1=" " ind2=" " tag="042"><subfield code="a">pcc</subfield></datafield><datafield ind1=" " ind2=" " tag="043"><subfield code="a">n-us-fl</subfield></datafield><datafield ind1="0" ind2="4" tag="245"><subfield code="a">The Brooksville sun.</subfield></datafield><datafield ind1=" " ind2=" " tag="260"><subfield code="a">Brooksville, Fla. :</subfield><subfield code="b">Brooksville Sun Pub. Co.,</subfield><subfield code="c">1932-1959.</subfield></datafield><datafield ind1=" " ind2=" " tag="300"><subfield code="a">27 v. :</subfield><subfield code="b">ill. ;</subfield><subfield code="c">55 cm.</subfield></datafield><datafield ind1=" " ind2=" " tag="310"><subfield code="a">Weekly</subfield></datafield><datafield ind1="0" ind2=" " tag="362"><subfield code="a">Vol. 1, no. 1 (Mar. 4, 1932-v. 27, no. 11 (Apr. 16, 1959).</subfield></datafield><datafield ind1=" " ind2=" " tag="530"><subfield code="a">Also issued on microfilm from the Univesity of Florida.</subfield></datafield><datafield ind1=" " ind2=" " tag="580"><subfield code="a">Merged with: Brooksville journal, to form: Brooksville sun-journal.</subfield></datafield><datafield ind1=" " ind2="0" tag="651"><subfield code="a">Brooksville (Fla.)</subfield><subfield code="v">Newspapers.</subfield></datafield><datafield ind1=" " ind2="0" tag="651"><subfield code="a">Hernando County (Fla.)</subfield><subfield code="v">Newspapers.</subfield></datafield><datafield ind1=" " ind2="7" tag="655"><subfield code="a">Newspapers.</subfield><subfield code="2">fast</subfield><subfield code="0">(OCoLC)fst01423814</subfield></datafield><datafield ind1=" " ind2="7" tag="651"><subfield code="a">Florida</subfield><subfield code="z">Brooksville.</subfield><subfield code="2">fast</subfield><subfield code="0">(OCoLC)fst01215784</subfield></datafield><datafield ind1=" " ind2="7" tag="651"><subfield code="a">Florida</subfield><subfield code="z">Hernando County.</subfield><subfield code="2">fast</subfield><subfield code="0">(OCoLC)fst01214946</subfield></datafield><datafield ind1=" " ind2=" " tag="752"><subfield code="a">United States</subfield><subfield code="b">Florida</subfield><subfield code="c">Hernando</subfield><subfield code="d">Brooksville.</subfield></datafield><datafield ind1="1" ind2=" " tag="776"><subfield code="c">Microfilm</subfield><subfield code="d">George A. Smathers Libraries, University of Florida</subfield><subfield code="w">(DLC)sn 00229537</subfield><subfield code="w">(OCoLC)44455224</subfield></datafield><datafield ind1="1" ind2="7" tag="785"><subfield code="t">Brooksville journal</subfield><subfield code="w">(DLC)sn 95047246</subfield><subfield code="w">(OCoLC)33425264</subfield></datafield><datafield ind1="1" ind2="7" tag="785"><subfield code="t">Brooksville sun-journal</subfield><subfield code="w">(DLC)sn 95047247</subfield><subfield code="w">(OCoLC)33425265</subfield></datafield></record>